<?xml version="1.0" encoding="UTF-8"?><record xmlns="http://www.loc.gov/MARC21/slim" xmlns:cinclude="http://apache.org/cocoon/include/1.0" xmlns:zs="http://www.loc.gov/zing/srw/">
  <leader>01374cz  a2200289n  4500</leader>
  <controlfield tag="001">n  88083702 </controlfield>
  <controlfield tag="003">DLC</controlfield>
  <controlfield tag="005">20081112081356.0</controlfield>
  <controlfield tag="008">880520n| acannaabn          |b aaa      </controlfield>
  <datafield tag="010" ind1=" " ind2=" ">
    <subfield code="a">n  88083702 </subfield>
  </datafield>
  <datafield tag="035" ind1=" " ind2=" ">
    <subfield code="a">(OCoLC)oca02283288</subfield>
  </datafield>
  <datafield tag="040" ind1=" " ind2=" ">
    <subfield code="a">DLC</subfield>
    <subfield code="b">eng</subfield>
    <subfield code="c">DLC</subfield>
    <subfield code="d">DLC</subfield>
    <subfield code="d">OCoLC</subfield>
  </datafield>
  <datafield tag="100" ind1="0" ind2=" ">
    <subfield code="a">P. I︠A︡.</subfield>
    <subfield code="q">(Petr I︠A︡kubovich),</subfield>
    <subfield code="d">1860-1911</subfield>
  </datafield>
  <datafield tag="400" ind1="1" ind2=" ">
    <subfield code="a">I︠A︡kubovich, Petr Filippovich,</subfield>
    <subfield code="d">1860-1911</subfield>
  </datafield>
  <datafield tag="400" ind1="0" ind2=" ">
    <subfield code="a">Akvilon,</subfield>
    <subfield code="d">1860-1911</subfield>
  </datafield>
  <datafield tag="400" ind1="1" ind2=" ">
    <subfield code="a">Garusov, M.,</subfield>
    <subfield code="d">1860-1911</subfield>
  </datafield>
  <datafield tag="400" ind1="1" ind2=" ">
    <subfield code="a">Grinevich, P. F.,</subfield>
    <subfield code="d">1860-1911</subfield>
  </datafield>
  <datafield tag="400" ind1="1" ind2=" ">
    <subfield code="a">Danilovich, P.,</subfield>
    <subfield code="d">1860-1911</subfield>
  </datafield>
  <datafield tag="400" ind1="1" ind2=" ">
    <subfield code="a">Melʹshin, L.,</subfield>
    <subfield code="d">1860-1911</subfield>
  </datafield>
  <datafield tag="400" ind1="0" ind2=" ">
    <subfield code="a">PI︠A︡</subfield>
    <subfield code="q">(Petr I︠A︡kubovich),</subfield>
    <subfield code="d">1860-1911</subfield>
  </datafield>
  <datafield tag="400" ind1="1" ind2=" ">
    <subfield code="a">Melschin, L.,</subfield>
    <subfield code="d">1860-1911</subfield>
  </datafield>
  <datafield tag="400" ind1="0" ind2=" ">
    <subfield code="a">П. Я.</subfield>
    <subfield code="q">(Петр Якубович),</subfield>
    <subfield code="d">1860-1911</subfield>
  </datafield>
  <datafield tag="667" ind1=" " ind2=" ">
    <subfield code="a">Machine-derived non-Latin script reference project.</subfield>
  </datafield>
  <datafield tag="667" ind1=" " ind2=" ">
    <subfield code="a">Non-Latin script reference not evaluated.</subfield>
  </datafield>
  <datafield tag="670" ind1=" " ind2=" ">
    <subfield code="a">His Stikhotvorenii︠a︡, 1898:</subfield>
    <subfield code="b">t.p. (P. I︠A︡)</subfield>
  </datafield>
  <datafield tag="670" ind1=" " ind2=" ">
    <subfield code="a">Masanov, I. F. Slovarʹ psevdonimov, 1958:</subfield>
    <subfield code="b">v. 2, p. 331 (P. I︠A︡.=Petr Filip. I︠A︡kubovich (Melʹshin)) ; v. 4, p. 549 (I︠A︡kubovich, Petr Filippovich; b. 10/22/1860; d. 3/17/1911; poet i prozaik; psevd. Akvilon; Garusov, M. ; Grinevich, P. F. ; Danilovich, P. ; Melʹshin, L. etc.)</subfield>
  </datafield>
  <datafield tag="670" ind1=" " ind2=" ">
    <subfield code="a">LC in RLIN, 9/21/88</subfield>
    <subfield code="b">(MLC hdg.: IAkubovich, Petr Filipovich, 1860-1911; usage: L. Melschin)</subfield>
  </datafield>
</record>